@article{Linzen2016,
  author    = {Tal Linzen and
               Emmanuel Dupoux and
               Yoav Goldberg},
  title     = {Assessing the Ability of LSTMs to Learn Syntax-Sensitive Dependencies},
  journal   = {CoRR},
  volume    = {abs/1611.01368},
  year      = {2016},
  url       = {http://arxiv.org/abs/1611.01368},
  archivePrefix = {arXiv},
  eprint    = {1611.01368},
  timestamp = {Wed, 07 Jun 2017 14:41:37 +0200},
  biburl    = {http://dblp.org/rec/bib/journals/corr/LinzenDG16},
  bibsource = {dblp computer science bibliography, http://dblp.org}
}